
@article{dean2008mapreduce,
  title={MapReduce: simplified data processing on large clusters},
  author={Dean, Jeffrey and Ghemawat, Sanjay},
  journal={Communications of the ACM},
  volume={51},
  number={1},
  pages={107--113},
  year={2008},
  publisher={ACM}
}

@inproceedings{anchalia2013mapreduce,
  title={MapReduce design of K-means clustering algorithm},
  author={Anchalia, Prajesh P and Koundinya, Anjan K and Srinath, NK},
  booktitle={Information Science and Applications (ICISA), 2013 International Conference on},
  pages={1--5},
  year={2013},
  organization={IEEE}
}

@inproceedings{anchalia2014k,
  title={The k-nearest neighbor algorithm using MapReduce paradigm},
  author={Anchalia, Prajesh P and Roy, Kaushik},
  booktitle={Intelligent Systems, Modelling and Simulation (ISMS), 2014 5th International Conference on},
  pages={513--518},
  year={2014},
  organization={IEEE}
}

@article{plimpton2011mapreduce,
  title={MapReduce in MPI for large-scale graph algorithms},
  author={Plimpton, Steven J and Devine, Karen D},
  journal={Parallel Computing},
  volume={37},
  number={9},
  pages={610--632},
  year={2011},
  publisher={Elsevier}
}

@inproceedings{bahmani2011fast,
  title={Fast personalized pagerank on mapreduce},
  author={Bahmani, Bahman and Chakrabarti, Kaushik and Xin, Dong},
  booktitle={Proceedings of the 2011 ACM SIGMOD International Conference on Management of data},
  pages={973--984},
  year={2011},
  organization={ACM}
}

@article{li2018fast,
  title={Fast semistochastic heat-bath configuration interaction},
  author={Li, Junhao and Otten, Matthew and Holmes, Adam A and Sharma, Sandeep and Umrigar, Cyrus J},
  journal={The Journal of chemical physics},
  volume={149},
  number={21},
  pages={214110},
  year={2018},
  publisher={AIP Publishing}
}

@inproceedings{chu2007map,
  title={Map-reduce for machine learning on multicore},
  author={Chu, Cheng-Tao and Kim, Sang K and Lin, Yi-An and Yu, YuanYuan and Bradski, Gary and Olukotun, Kunle and Ng, Andrew Y},
  booktitle={Advances in neural information processing systems},
  pages={281--288},
  year={2007}
}

@article{cui2014optimized,
  title={Optimized big data K-means clustering using MapReduce},
  author={Cui, Xiaoli and Zhu, Pingfei and Yang, Xin and Li, Keqiu and Ji, Changqing},
  journal={The Journal of Supercomputing},
  volume={70},
  number={3},
  pages={1249--1259},
  year={2014},
  publisher={Springer}
}

@online{spark,
  author = {Apache Software Foundation},
  year = {2019},
  title = {Apache Spark - Unified Analytics Engine for Big Data},
  howpublished = {https://spark.apache.org/},
  note = {Accessed: 2019-02-01}
}
@online{protobuf,
  author = {Google},
  year = {2019},
  title = {Protocol Buffers},
  howpublished = {https://developers.google.com/protocol-buffers/},
  note = {Accessed: 2019-02-01}
}

@online{blaze,
  author = {Junhao Li},
  year = {2019},
  title = {Blaze},
  howpublished = {https://github.com/junhao12131/blaze},
  note = {Accessed: 2019-02-01}
}

@misc{cascading,
  author = {Cascading maintainers},
  title = {Cascading},
  year = {2019},
  howpublished = {https://www.cascading.org/},
  note = {Accessed: 2019-02-01}
}

@misc{hadoop,
  author = {Apache Software Foundation},
  title = {Apache Hadoop},
  year = {2019},
  howpublished = {https://hadoop.apache.org/},
  note = {Accessed: 2019-02-01}
}

@inproceedings{chambers2010flumejava,
  title={FlumeJava: easy, efficient data-parallel pipelines},
  author={Chambers, Craig and Raniwala, Ashish and Perry, Frances and Adams, Stephen and Henry, Robert R and Bradshaw, Robert and Weizenbaum, Nathan},
  booktitle={ACM Sigplan Notices},
  volume={45},
  number={6},
  pages={363--375},
  year={2010},
  organization={ACM}
}

@article{dean2010mapreduce,
  title={MapReduce: a flexible data processing tool},
  author={Dean, Jeffrey and Ghemawat, Sanjay},
  journal={Communications of the ACM},
  volume={53},
  number={1},
  pages={72--77},
  year={2010},
  publisher={ACM}
}

@inproceedings{yokoyama2012processing,
  title={Processing all k-nearest neighbor queries in hadoop},
  author={Yokoyama, Takuya and Ishikawa, Yoshiharu and Suzuki, Yu},
  booktitle={International Conference on Web-Age Information Management},
  pages={346--351},
  year={2012},
  organization={Springer}
}

@article{lu2012efficient,
  title={Efficient processing of k nearest neighbor joins using mapreduce},
  author={Lu, Wei and Shen, Yanyan and Chen, Su and Ooi, Beng Chin},
  journal={Proceedings of the VLDB Endowment},
  volume={5},
  number={10},
  pages={1016--1027},
  year={2012},
  publisher={VLDB Endowment}
}

@inproceedings{maillo2015mapreduce,
  title={A mapreduce-based k-nearest neighbor approach for big data classification},
  author={Maillo, Jes{\'u}s and Triguero, Isaac and Herrera, Francisco},
  booktitle={Trustcom/BigDataSE/ISPA, 2015 IEEE},
  volume={2},
  pages={167--172},
  year={2015},
  organization={IEEE}
}

@article{zaharia2010spark,
  title={Spark: Cluster computing with working sets.},
  author={Zaharia, Matei and Chowdhury, Mosharaf and Franklin, Michael J and Shenker, Scott and Stoica, Ion},
  journal={HotCloud},
  volume={10},
  number={10-10},
  pages={95},
  year={2010}
}

@article{zaharia2016apache,
  title={Apache spark: a unified engine for big data processing},
  author={Zaharia, Matei and Xin, Reynold S and Wendell, Patrick and Das, Tathagata and Armbrust, Michael and Dave, Ankur and Meng, Xiangrui and Rosen, Josh and Venkataraman, Shivaram and Franklin, Michael J and others},
  journal={Communications of the ACM},
  volume={59},
  number={11},
  pages={56--65},
  year={2016},
  publisher={ACM}
}

@article{davidson2013optimizing,
  title={Optimizing shuffle performance in spark},
  author={Davidson, Aaron and Or, Andrew},
  journal={University of California, Berkeley-Department of Electrical Engineering and Computer Sciences, Tech. Rep},
  year={2013}
}

@inproceedings{xin2013graphx,
  title={Graphx: A resilient distributed graph system on spark},
  author={Xin, Reynold S and Gonzalez, Joseph E and Franklin, Michael J and Stoica, Ion},
  booktitle={First International Workshop on Graph Data Management Experiences and Systems},
  pages={2},
  year={2013},
  organization={ACM}
}

@inproceedings{ene2011fast,
  title={Fast clustering using MapReduce},
  author={Ene, Alina and Im, Sungjin and Moseley, Benjamin},
  booktitle={Proceedings of the 17th ACM SIGKDD international conference on Knowledge discovery and data mining},
  pages={681--689},
  year={2011},
  organization={ACM}
}

@article{meng2016mllib,
  title={Mllib: Machine learning in apache spark},
  author={Meng, Xiangrui and Bradley, Joseph and Yavuz, Burak and Sparks, Evan and Venkataraman, Shivaram and Liu, Davies and Freeman, Jeremy and Tsai, DB and Amde, Manish and Owen, Sean and others},
  journal={The Journal of Machine Learning Research},
  volume={17},
  number={1},
  pages={1235--1241},
  year={2016},
  publisher={JMLR. org}
}


@article{shi2015clash,
  title={Clash of the titans: Mapreduce vs. spark for large scale data analytics},
  author={Shi, Juwei and Qiu, Yunjie and Minhas, Umar Farooq and Jiao, Limei and Wang, Chen and Reinwald, Berthold and {\"O}zcan, Fatma},
  journal={Proceedings of the VLDB Endowment},
  volume={8},
  number={13},
  pages={2110--2121},
  year={2015},
  publisher={VLDB Endowment}
}

@inproceedings{zaharia2012resilient,
  title={Resilient distributed datasets: A fault-tolerant abstraction for in-memory cluster computing},
  author={Zaharia, Matei and Chowdhury, Mosharaf and Das, Tathagata and Dave, Ankur and Ma, Justin and McCauley, Murphy and Franklin, Michael J and Shenker, Scott and Stoica, Ion},
  booktitle={Proceedings of the 9th USENIX conference on Networked Systems Design and Implementation},
  pages={2--2},
  year={2012},
  organization={USENIX Association}
}

@inproceedings{bhatotia2011incoop,
  title={Incoop: MapReduce for incremental computations},
  author={Bhatotia, Pramod and Wieder, Alexander and Rodrigues, Rodrigo and Acar, Umut A and Pasquin, Rafael},
  booktitle={Proceedings of the 2nd ACM Symposium on Cloud Computing},
  pages={7},
  year={2011},
  organization={ACM}
}

@article{gopalani2015comparing,
  title={Comparing apache spark and map reduce with performance analysis using k-means},
  author={Gopalani, Satish and Arora, Rohan},
  journal={International journal of computer applications},
  volume={113},
  number={1},
  year={2015},
  publisher={Foundation of Computer Science}
}

@inproceedings{he2008mars,
  title={Mars: a MapReduce framework on graphics processors},
  author={He, Bingsheng and Fang, Wenbin and Luo, Qiong and Govindaraju, Naga K and Wang, Tuyong},
  booktitle={Parallel Architectures and Compilation Techniques (PACT), 2008 International Conference on},
  pages={260--269},
  year={2008},
  organization={IEEE}
}

@inproceedings{song2015solutions,
  title={Solutions for processing k nearest neighbor joins for massive data on mapreduce},
  author={Song, Ge and Rochas, Justine and Huet, Fabrice and Magoules, Fr{\'e}d{\'e}ric},
  booktitle={Parallel, Distributed and Network-Based Processing (PDP), 2015 23rd Euromicro International Conference on},
  pages={279--287},
  year={2015},
  organization={IEEE}
}

@inproceedings{wang2010accelerating,
  title={Accelerating spatial data processing with mapreduce},
  author={Wang, Kai and Han, Jizhong and Tu, Bibo and Dai, Jiao and Zhou, Wei and Song, Xuan},
  booktitle={Parallel and Distributed Systems (ICPADS), 2010 IEEE 16th International Conference on},
  pages={229--236},
  year={2010},
  organization={IEEE}
}

@article{eldawy2013demonstration,
  title={A demonstration of spatialhadoop: An efficient mapreduce framework for spatial data},
  author={Eldawy, Ahmed and Mokbel, Mohamed F},
  journal={Proceedings of the VLDB Endowment},
  volume={6},
  number={12},
  pages={1230--1233},
  year={2013},
  publisher={VLDB Endowment}
}

@article{stupar2010rankreduce,
  title={Rankreduce-processing k-nearest neighbor queries on top of mapreduce},
  author={Stupar, Aleksandar and Michel, Sebastian and Schenkel, Ralf},
  journal={Large-Scale Distributed Systems for Information Retrieval},
  volume={15},
  year={2010},
  publisher={Citeseer}
}

@inproceedings{esmaeilpour2016distributed,
  title={Distributed gaussian mixture model summarization using the mapreduce framework},
  author={Esmaeilpour, Arina and Bigdeli, Elnaz and Cheraghchi, Fatemeh and Raahemi, Bijan and Far, Behrouz H},
  booktitle={Canadian Conference on Artificial Intelligence},
  pages={323--335},
  year={2016},
  organization={Springer}
}

@inproceedings{zhao2009parallel,
  title={Parallel k-means clustering based on mapreduce},
  author={Zhao, Weizhong and Ma, Huifang and He, Qing},
  booktitle={IEEE International Conference on Cloud Computing},
  pages={674--679},
  year={2009},
  organization={Springer}
}

@inproceedings{ekanayake2010twister,
  title={Twister: a runtime for iterative mapreduce},
  author={Ekanayake, Jaliya and Li, Hui and Zhang, Bingjing and Gunarathne, Thilina and Bae, Seung-Hee and Qiu, Judy and Fox, Geoffrey},
  booktitle={Proceedings of the 19th ACM international symposium on high performance distributed computing},
  pages={810--818},
  year={2010},
  organization={ACM}
}

@inproceedings{li2015coded,
  title={Coded mapreduce},
  author={Li, Songze and Maddah-Ali, Mohammad Ali and Avestimehr, A Salman},
  booktitle={Communication, Control, and Computing (Allerton), 2015 53rd Annual Allerton Conference on},
  pages={964--971},
  year={2015},
  organization={IEEE}
}

@inproceedings{afrati2010optimizing,
  title={Optimizing joins in a map-reduce environment},
  author={Afrati, Foto N and Ullman, Jeffrey D},
  booktitle={Proceedings of the 13th International Conference on Extending Database Technology},
  pages={99--110},
  year={2010},
  organization={ACM}
}

@inproceedings{goiri2015approxhadoop,
  title={Approxhadoop: Bringing approximations to mapreduce frameworks},
  author={Goiri, Inigo and Bianchini, Ricardo and Nagarakatte, Santosh and Nguyen, Thu D},
  booktitle={ACM SIGARCH Computer Architecture News},
  volume={43},
  number={1},
  pages={383--397},
  year={2015},
  organization={ACM}
}

@inproceedings{zaharia2008improving,
  title={Improving MapReduce performance in heterogeneous environments.},
  author={Zaharia, Matei and Konwinski, Andy and Joseph, Anthony D and Katz, Randy H and Stoica, Ion},
  booktitle={Osdi},
  volume={8},
  number={4},
  pages={7},
  year={2008}
}

@inproceedings{condie2010mapreduce,
  title={MapReduce online.},
  author={Condie, Tyson and Conway, Neil and Alvaro, Peter and Hellerstein, Joseph M and Elmeleegy, Khaled and Sears, Russell},
  booktitle={Nsdi},
  volume={10},
  number={4},
  pages={20},
  year={2010}
}

@inproceedings{yang2007map,
  title={Map-reduce-merge: simplified relational data processing on large clusters},
  author={Yang, Hung-chih and Dasdan, Ali and Hsiao, Ruey-Lung and Parker, D Stott},
  booktitle={Proceedings of the 2007 ACM SIGMOD international conference on Management of data},
  pages={1029--1040},
  year={2007},
  organization={ACM}
}

@inproceedings{dean2006experiences,
  title={Experiences with MapReduce, an abstraction for large-scale computation},
  author={Dean, Jeffrey},
  booktitle={PACT},
  volume={6},
  pages={1--1},
  year={2006}
}

@inproceedings{shanahan2015large,
  title={Large scale distributed data science using apache spark},
  author={Shanahan, James G and Dai, Laing},
  booktitle={Proceedings of the 21th ACM SIGKDD international conference on knowledge discovery and data mining},
  pages={2323--2324},
  year={2015},
  organization={ACM}
}

@inproceedings{bosagh2016matrix,
  title={Matrix computations and optimization in apache spark},
  author={Bosagh Zadeh, Reza and Meng, Xiangrui and Ulanov, Alexander and Yavuz, Burak and Pu, Li and Venkataraman, Shivaram and Sparks, Evan and Staple, Aaron and Zaharia, Matei},
  booktitle={Proceedings of the 22nd ACM SIGKDD International Conference on Knowledge Discovery and Data Mining},
  pages={31--38},
  year={2016},
  organization={ACM}
}