@article{dean2008mapreduce,
  title={MapReduce: simplified data processing on large clusters},
  author={Dean, Jeffrey and Ghemawat, Sanjay},
  journal={Communications of the ACM},
  volume={51},
  number={1},
  pages={107--113},
  year={2008},
  publisher={ACM}
}

@article{li2018fast,
  title={Fast semistochastic heat-bath configuration interaction},
  author={Li, Junhao and Otten, Matthew and Holmes, Adam A and Sharma, Sandeep and Umrigar, Cyrus J},
  journal={The Journal of chemical physics},
  volume={149},
  number={21},
  pages={214110},
  year={2018},
  publisher={AIP Publishing}
}

@inproceedings{chu2007map,
  title={Map-reduce for machine learning on multicore},
  author={Chu, Cheng-Tao and Kim, Sang K and Lin, Yi-An and Yu, YuanYuan and Bradski, Gary and Olukotun, Kunle and Ng, Andrew Y},
  booktitle={Advances in neural information processing systems},
  pages={281--288},
  year={2007}
}

@article{cui2014optimized,
  title={Optimized big data K-means clustering using MapReduce},
  author={Cui, Xiaoli and Zhu, Pingfei and Yang, Xin and Li, Keqiu and Ji, Changqing},
  journal={The Journal of Supercomputing},
  volume={70},
  number={3},
  pages={1249--1259},
  year={2014},
  publisher={Springer}
}

@misc{spark,
  title = {Apache Spark - Unified Analytics Engine for Big Data},
  howpublished = {https://spark.apache.org/},
  note = {Accessed: 2019-02-01}
}

@misc{cascading,
  title = {Cascading},
  howpublished = {https://www.cascading.org/},
  note = {Accessed: 2019-02-01}
}

@misc{hadoop,
  title = {Apache Hadoop},
  howpublished = {https://hadoop.apache.org/},
  note = {Accessed: 2019-02-01}
}

@inproceedings{chambers2010flumejava,
  title={FlumeJava: easy, efficient data-parallel pipelines},
  author={Chambers, Craig and Raniwala, Ashish and Perry, Frances and Adams, Stephen and Henry, Robert R and Bradshaw, Robert and Weizenbaum, Nathan},
  booktitle={ACM Sigplan Notices},
  volume={45},
  number={6},
  pages={363--375},
  year={2010},
  organization={ACM}
}

@article{dean2010mapreduce,
  title={MapReduce: a flexible data processing tool},
  author={Dean, Jeffrey and Ghemawat, Sanjay},
  journal={Communications of the ACM},
  volume={53},
  number={1},
  pages={72--77},
  year={2010},
  publisher={ACM}
}

@article{zaharia2010spark,
  title={Spark: Cluster computing with working sets.},
  author={Zaharia, Matei and Chowdhury, Mosharaf and Franklin, Michael J and Shenker, Scott and Stoica, Ion},
  journal={HotCloud},
  volume={10},
  number={10-10},
  pages={95},
  year={2010}
}

@article{zaharia2016apache,
  title={Apache spark: a unified engine for big data processing},
  author={Zaharia, Matei and Xin, Reynold S and Wendell, Patrick and Das, Tathagata and Armbrust, Michael and Dave, Ankur and Meng, Xiangrui and Rosen, Josh and Venkataraman, Shivaram and Franklin, Michael J and others},
  journal={Communications of the ACM},
  volume={59},
  number={11},
  pages={56--65},
  year={2016},
  publisher={ACM}
}

@article{davidson2013optimizing,
  title={Optimizing shuffle performance in spark},
  author={Davidson, Aaron and Or, Andrew},
  journal={University of California, Berkeley-Department of Electrical Engineering and Computer Sciences, Tech. Rep},
  year={2013}
}

@inproceedings{xin2013graphx,
  title={Graphx: A resilient distributed graph system on spark},
  author={Xin, Reynold S and Gonzalez, Joseph E and Franklin, Michael J and Stoica, Ion},
  booktitle={First International Workshop on Graph Data Management Experiences and Systems},
  pages={2},
  year={2013},
  organization={ACM}
}

@inproceedings{ene2011fast,
  title={Fast clustering using MapReduce},
  author={Ene, Alina and Im, Sungjin and Moseley, Benjamin},
  booktitle={Proceedings of the 17th ACM SIGKDD international conference on Knowledge discovery and data mining},
  pages={681--689},
  year={2011},
  organization={ACM}
}

@article{meng2016mllib,
  title={Mllib: Machine learning in apache spark},
  author={Meng, Xiangrui and Bradley, Joseph and Yavuz, Burak and Sparks, Evan and Venkataraman, Shivaram and Liu, Davies and Freeman, Jeremy and Tsai, DB and Amde, Manish and Owen, Sean and others},
  journal={The Journal of Machine Learning Research},
  volume={17},
  number={1},
  pages={1235--1241},
  year={2016},
  publisher={JMLR. org}
}

@inproceedings{shanahan2015large,
  title={Large scale distributed data science using apache spark},
  author={Shanahan, James G and Dai, Laing},
  booktitle={Proceedings of the 21th ACM SIGKDD international conference on knowledge discovery and data mining},
  pages={2323--2324},
  year={2015},
  organization={ACM}
}

@inproceedings{bosagh2016matrix,
  title={Matrix computations and optimization in apache spark},
  author={Bosagh Zadeh, Reza and Meng, Xiangrui and Ulanov, Alexander and Yavuz, Burak and Pu, Li and Venkataraman, Shivaram and Sparks, Evan and Staple, Aaron and Zaharia, Matei},
  booktitle={Proceedings of the 22nd ACM SIGKDD International Conference on Knowledge Discovery and Data Mining},
  pages={31--38},
  year={2016},
  organization={ACM}
}